@misc{hadex-ssd1306,
  title = {ssd1306},
  medium = {online},
  note = {[vid. 2023-12-08]},
  URL = {https://www.hadex.cz/m508a-displej-oled-096-128x64-znaku-7pinu-bily/},
}

@misc{hwkitchen-max30102,
  title = {MAX30102},
  medium = {online},
  note = {[vid. 2023-12-08]},
  URL = {https://www.hwkitchen.cz/max30102-snimac-pro-srdecni-tep-a-pulzni-oxymetr/},
}

@misc{pio,
  title = {Platformio},
  medium = {online},
  note = {[vid. 2023-12-08]},
  URL = {https://platformio.org/},
}

@misc{github-gfx,
  title = {Adafruit-GFX-Library},
  medium = {online},
  note = {[vid. 2023-12-08]},
  URL = {https://github.com/adafruit/Adafruit-GFX-Library},
}

@misc{github-ssd1306,
  title = {Adafruit\_SSD1306},
  medium = {online},
  note = {[vid. 2023-12-08]},
  URL = {https://github.com/adafruit/Adafruit_SSD1306},
}

@misc{github-max3010x,
  title = {SparkFun\_MAX3010x\_Sensor\_Library},
  medium = {online},
  note = {[vid. 2023-12-08]},
  URL = {https://github.com/sparkfun/SparkFun_MAX3010x_Sensor_Library},
}

@misc{mischianti,
  title = {SSD1306 OLED Display: draw images, splash and animations},
  medium = {online},
  note = {[vid. 2023-12-08]},
  URL = {https://mischianti.org/ssd1306-oled-display-draw-images-splash-and-animations-2/}
}